<?xml version="1.0" encoding="UTF-8"?><record xmlns="http://www.loc.gov/MARC21/slim" xmlns:cinclude="http://apache.org/cocoon/include/1.0" xmlns:zs="http://www.loc.gov/zing/srw/">
  <leader>01317cz  a2200253n  4500</leader>
  <controlfield tag="001">n  50065777 </controlfield>
  <controlfield tag="003">DLC</controlfield>
  <controlfield tag="005">20150527073719.0</controlfield>
  <controlfield tag="008">801106n| azannaabn          |a ana      </controlfield>
  <datafield tag="010" ind1=" " ind2=" ">
    <subfield code="a">n  50065777 </subfield>
  </datafield>
  <datafield tag="035" ind1=" " ind2=" ">
    <subfield code="a">(OCoLC)oca00099984</subfield>
  </datafield>
  <datafield tag="040" ind1=" " ind2=" ">
    <subfield code="a">DLC</subfield>
    <subfield code="b">eng</subfield>
    <subfield code="e">rda</subfield>
    <subfield code="c">DLC</subfield>
    <subfield code="d">NIC</subfield>
    <subfield code="d">DLC</subfield>
    <subfield code="d">IEN</subfield>
  </datafield>
  <datafield tag="046" ind1=" " ind2=" ">
    <subfield code="s">1965</subfield>
  </datafield>
  <datafield tag="110" ind1="2" ind2=" ">
    <subfield code="a">Universidade Federal do Ceará</subfield>
  </datafield>
  <datafield tag="370" ind1=" " ind2=" ">
    <subfield code="e">Fortaleza (Brazil)</subfield>
    <subfield code="2">naf</subfield>
  </datafield>
  <datafield tag="410" ind1="1" ind2=" ">
    <subfield code="a">Ceará (Brazil : State).</subfield>
    <subfield code="b">Universidade Federal</subfield>
  </datafield>
  <datafield tag="410" ind1="2" ind2=" ">
    <subfield code="a">UFC (Universidade Federal do Ceará)</subfield>
  </datafield>
  <datafield tag="410" ind1="2" ind2=" ">
    <subfield code="a">U.F.C. (Universidade Federal do Ceará)</subfield>
  </datafield>
  <datafield tag="410" ind1="2" ind2=" ">
    <subfield code="a">Federal University of Ceará</subfield>
  </datafield>
  <datafield tag="510" ind1="2" ind2=" ">
    <subfield code="w">a</subfield>
    <subfield code="a">Universidade do Ceará</subfield>
  </datafield>
  <datafield tag="670" ind1=" " ind2=" ">
    <subfield code="a">Its Atividades, 1965-</subfield>
  </datafield>
  <datafield tag="670" ind1=" " ind2=" ">
    <subfield code="a">A Administração das universidades, 1981:</subfield>
    <subfield code="b">t.p. (UFC) verso t.p. (Universidade Federal do Ceará)</subfield>
  </datafield>
  <datafield tag="670" ind1=" " ind2=" ">
    <subfield code="a">A short story of the Federal University of Ceará (UFC), 1944-1999, 1999.</subfield>
  </datafield>
  <datafield tag="670" ind1=" " ind2=" ">
    <subfield code="a">pt.Wikipedia, April 30, 2015</subfield>
    <subfield code="b">(Universidade Federal do Ceará; A Universidade do Ceará foi criada oficialmente pela Lei N° 2 373, de 16 de dezembro de 1954, e instalada em sessão no dia 16 de junho de 1955. Em 1965, foi instituído o nome atual da Universidade, seguindo a padronização dos nomes das universidades federais de todo o país.)</subfield>
    <subfield code="u">http://pt.wikipedia.org/wiki/Universidade_Federal_do_Cear%C3%A1</subfield>
  </datafield>
</record>